% This file was created with JabRef 2.7b.
% Encoding: UTF-8

@INPROCEEDINGS{Beamer2012,
  author = {Beamer, Scott and Asanovi\'{c}, Krste and Patterson, David},
  title = {Direction-optimizing Breadth-first Search},
  booktitle = {Proceedings of the International Conference on High Performance Computing,
	Networking, Storage and Analysis},
  year = {2012},
  series = {SC '12},
  pages = {12:1--12:10},
  address = {Los Alamitos, CA, USA},
  publisher = {IEEE Computer Society Press},
  __markedentry = {[suxing:2]},
  acmid = {2389013},
  articleno = {12},
  isbn = {978-1-4673-0804-5},
  location = {Salt Lake City, Utah},
  numpages = {10},
  owner = {suxing},
  timestamp = {2014.07.10},
  url = {http://dl.acm.org/citation.cfm?id=2388996.2389013}
}

@INPROCEEDINGS{Beamer2013,
  author = {Beamer, S. and Buluc, A and Asanovic, K. and Patterson, D.},
  title = {Distributed Memory Breadth-First Search Revisited: Enabling Bottom-Up
	Search},
  booktitle = {Parallel and Distributed Processing Symposium Workshops PhD Forum
	(IPDPSW), 2013 IEEE 27th International},
  year = {2013},
  pages = {1618-1627},
  month = {May},
  __markedentry = {[suxing:2]},
  doi = {10.1109/IPDPSW.2013.159},
  keywords = {distributed memory systems;parallel algorithms;tree searching;1D decomposition;2D
	graph decomposition;BFS;Cray XE6;Graph500 benchmark;bottom-up search;complex
	graph algorithms;data distribution;distributed memory breadth-first
	search;graph primitive;scalable distributed-memory parallelization;Algorithm
	design and analysis;Complexity theory;Parallel processing;Partitioning
	algorithms;Sparse matrices;Syntactics;Vectors;breadth-first search;direction-optimizing;distributed},
  owner = {suxing},
  timestamp = {2014.07.10}
}

@INPROCEEDINGS{Bulucc2011,
  author = {Bulu\c{c}, Aydin and Madduri, Kamesh},
  title = {Parallel Breadth-first Search on Distributed Memory Systems},
  booktitle = {Proceedings of 2011 International Conference for High Performance
	Computing, Networking, Storage and Analysis},
  year = {2011},
  series = {SC '11},
  pages = {65:1--65:12},
  address = {New York, NY, USA},
  publisher = {ACM},
  __markedentry = {[suxing:2]},
  acmid = {2063471},
  articleno = {65},
  doi = {10.1145/2063384.2063471},
  isbn = {978-1-4503-0771-0},
  location = {Seattle, Washington},
  numpages = {12},
  owner = {suxing},
  timestamp = {2014.07.10},
  url = {http://doi.acm.org/10.1145/2063384.2063471}
}

@INPROCEEDINGS{Checconi2012,
  author = {Checconi, Fabio and Petrini, Fabrizio and Willcock, Jeremiah and
	Lumsdaine, Andrew and Choudhury, Anamitra Roy and Sabharwal, Yogish},
  title = {Breaking the Speed and Scalability Barriers for Graph Exploration
	on Distributed-memory Machines},
  booktitle = {Proceedings of the International Conference on High Performance Computing,
	Networking, Storage and Analysis},
  year = {2012},
  series = {SC '12},
  pages = {13:1--13:12},
  address = {Los Alamitos, CA, USA},
  publisher = {IEEE Computer Society Press},
  __markedentry = {[suxing:2]},
  acmid = {2389014},
  articleno = {13},
  isbn = {978-1-4673-0804-5},
  location = {Salt Lake City, Utah},
  numpages = {12},
  owner = {suxing},
  timestamp = {2014.07.10},
  url = {http://dl.acm.org/citation.cfm?id=2388996.2389014}
}

@INPROCEEDINGS{Satish2012,
  author = {Satish, Nadathur and Kim, Changkyu and Chhugani, Jatin and Dubey,
	Pradeep},
  title = {Large-scale Energy-efficient Graph Traversal: A Path to Efficient
	Data-intensive Supercomputing},
  booktitle = {Proceedings of the International Conference on High Performance Computing,
	Networking, Storage and Analysis},
  year = {2012},
  series = {SC '12},
  pages = {14:1--14:11},
  address = {Los Alamitos, CA, USA},
  publisher = {IEEE Computer Society Press},
  __markedentry = {[suxing:2]},
  acmid = {2389015},
  articleno = {14},
  isbn = {978-1-4673-0804-5},
  location = {Salt Lake City, Utah},
  numpages = {11},
  owner = {suxing},
  timestamp = {2014.07.10},
  url = {http://dl.acm.org/citation.cfm?id=2388996.2389015}
}

@INPROCEEDINGS{Yoo2005,
  author = {Yoo, A and Chow, E. and Henderson, K. and McLendon, W. and Hendrickson,
	B. and Catalyurek, U.},
  title = {A Scalable Distributed Parallel Breadth-First Search Algorithm on
	BlueGene/L},
  booktitle = {Supercomputing, 2005. Proceedings of the ACM/IEEE SC 2005 Conference},
  year = {2005},
  pages = {25-25},
  month = {Nov},
  __markedentry = {[suxing:2]},
  doi = {10.1109/SC.2005.4},
  keywords = {Area measurement;Extraterrestrial measurements;Gain measurement;Government;Laboratories;Large-scale
	systems;Partitioning algorithms;Research and development;Scalability;Testing},
  owner = {suxing},
  timestamp = {2014.08.08}
}

@comment{jabref-meta: selector_publisher:}

@comment{jabref-meta: selector_author:}

@comment{jabref-meta: selector_journal:}

@comment{jabref-meta: selector_keywords:}

