% This file was created with JabRef 2.7b.
% Encoding: UTF-8

@ARTICLE{Alstrup1999,
  author = {Alstrup, S. and Harel, D. and Lauridsen, P. and Thorup, M.},
  title = {Dominators in Linear Time},
  journal = {SIAM Journal on Computing},
  year = {1999},
  volume = {28},
  pages = {2117-2132},
  number = {6},
  doi = {10.1137/S0097539797317263},
  eprint = {http://epubs.siam.org/doi/pdf/10.1137/S0097539797317263},
  owner = {suxing},
  timestamp = {2014.03.22},
  url = {http://epubs.siam.org/doi/abs/10.1137/S0097539797317263}
}

@INPROCEEDINGS{Buchsbaum1998,
  author = {Buchsbaum, Adam L. and Kaplan, Haim and Rogers, Anne and Westbrook,
	Jeffery R.},
  title = {Linear-time Pointer-machine Algorithms for Least Common Ancestors,
	MST Verification, and Dominators},
  booktitle = {Proceedings of the Thirtieth Annual ACM Symposium on Theory of Computing},
  year = {1998},
  series = {STOC '98},
  pages = {279--288},
  address = {New York, NY, USA},
  publisher = {ACM},
  acmid = {276764},
  doi = {10.1145/276698.276764},
  isbn = {0-89791-962-9},
  location = {Dallas, Texas, USA},
  numpages = {10},
  owner = {suxing},
  timestamp = {2014.03.22},
  url = {http://doi.acm.org/10.1145/276698.276764}
}

@ARTICLE{Buchsbaum1998a,
  author = {Buchsbaum, Adam L. and Kaplan, Haim and Rogers, Anne and Westbrook,
	Jeffery R.},
  title = {A New, Simpler Linear-time Dominators Algorithm},
  journal = {ACM Trans. Program. Lang. Syst.},
  year = {1998},
  volume = {20},
  pages = {1265--1296},
  number = {6},
  month = nov,
  acmid = {295663},
  address = {New York, NY, USA},
  doi = {10.1145/295656.295663},
  issn = {0164-0925},
  issue_date = {Nov. 1998},
  keywords = {compilers, dominators, flowgraphs, microtrees, path compression},
  numpages = {32},
  owner = {suxing},
  publisher = {ACM},
  timestamp = {2014.03.22},
  url = {http://doi.acm.org/10.1145/295656.295663}
}

@ARTICLE{Cooper2001,
  author = {Cooper, Keith D and Harvey, Timothy J and Kennedy, Ken},
  title = {A simple, fast dominance algorithm},
  journal = {Software Practice \& Experience},
  year = {2001},
  volume = {4},
  pages = {1--10},
  __markedentry = {[suxing:]},
  owner = {suxing},
  timestamp = {2014.03.22}
}

@INPROCEEDINGS{Georgiadis2004,
  author = {Georgiadis, Loukas and Tarjan, Robert E.},
  title = {Finding Dominators Revisited: Extended Abstract},
  booktitle = {Proceedings of the Fifteenth Annual ACM-SIAM Symposium on Discrete
	Algorithms},
  year = {2004},
  series = {SODA '04},
  pages = {869--878},
  address = {Philadelphia, PA, USA},
  publisher = {Society for Industrial and Applied Mathematics},
  __markedentry = {[suxing:6]},
  acmid = {982922},
  isbn = {0-89871-558-X},
  location = {New Orleans, Louisiana},
  numpages = {10},
  owner = {suxing},
  timestamp = {2014.03.22},
  url = {http://dl.acm.org/citation.cfm?id=982792.982922}
}

@INPROCEEDINGS{Harel1985,
  author = {Harel, D},
  title = {A Linear Algorithm for Finding Dominators in Flow Graphs and Related
	Problems},
  booktitle = {Proceedings of the Seventeenth Annual ACM Symposium on Theory of
	Computing},
  year = {1985},
  series = {STOC '85},
  pages = {185--194},
  address = {New York, NY, USA},
  publisher = {ACM},
  acmid = {22166},
  doi = {10.1145/22145.22166},
  isbn = {0-89791-151-2},
  location = {Providence, Rhode Island, USA},
  numpages = {10},
  owner = {suxing},
  timestamp = {2014.03.22},
  url = {http://doi.acm.org/10.1145/22145.22166}
}

@ARTICLE{Lengauer1979,
  author = {Lengauer, Thomas and Tarjan, Robert Endre},
  title = {A Fast Algorithm for Finding Dominators in a Flowgraph},
  journal = {ACM Trans. Program. Lang. Syst.},
  year = {1979},
  volume = {1},
  pages = {121--141},
  number = {1},
  month = jan,
  acmid = {357071},
  address = {New York, NY, USA},
  doi = {10.1145/357062.357071},
  issn = {0164-0925},
  issue_date = {July 1979},
  numpages = {21},
  owner = {suxing},
  publisher = {ACM},
  timestamp = {2014.03.22},
  url = {http://doi.acm.org/10.1145/357062.357071}
}

@comment{jabref-meta: selector_publisher:}

@comment{jabref-meta: selector_author:}

@comment{jabref-meta: selector_journal:}

@comment{jabref-meta: selector_keywords:}

