% This file was created with JabRef 2.7b.
% Encoding: UTF-8

@INPROCEEDINGS{Agarwal2010,
  author = {Agarwal, Virat and Petrini, Fabrizio and Pasetto, Davide and Bader,
	David A.},
  title = {Scalable Graph Exploration on Multicore Processors},
  booktitle = {Proceedings of the 2010 ACM/IEEE International Conference for High
	Performance Computing, Networking, Storage and Analysis},
  year = {2010},
  series = {SC '10},
  pages = {1--11},
  address = {Washington, DC, USA},
  publisher = {IEEE Computer Society},
  __markedentry = {[suxing:6]},
  acmid = {1884670},
  doi = {10.1109/SC.2010.46},
  isbn = {978-1-4244-7559-9},
  numpages = {11},
  owner = {suxing},
  timestamp = {2014.07.10},
  url = {http://dx.doi.org/10.1109/SC.2010.46}
}

@INPROCEEDINGS{Chhugani2012,
  author = {Chhugani, J. and Satish, N. and Changkyu Kim and Sewall, J. and Dubey,
	P.},
  title = {Fast and Efficient Graph Traversal Algorithm for CPUs: Maximizing
	Single-Node Efficiency},
  booktitle = {Parallel Distributed Processing Symposium (IPDPS), 2012 IEEE 26th
	International},
  year = {2012},
  pages = {378-389},
  month = {May},
  __markedentry = {[suxing:6]},
  doi = {10.1109/IPDPS.2012.43},
  issn = {1530-2075},
  keywords = {cache storage;complex networks;data structures;multiprocessing systems;network
	theory (graphs);performance evaluation;query processing;reachability
	analysis;resource allocation;tree searching;analytical model;arbitrary
	sized graphs;atomic-free operations;bandwidth resource utilization;cache-resident
	structure;cross-socket communication;data modeling;data representation;database
	querying;dual-socket Intel Xeon X5570 system;dual-socket Nehalem
	system;exascale systems;graph diameters;graph edges;graph matching;graph
	sizes;graph traversal algorithm;graph-based databases;graph-based
	structures;load balancing;lock-free operations;multisocket multicore
	CPU;performance bottleneck analysis;reachability;scalable breadth-first
	search traversal algorithm;scale-free R-MAT graph;single-node efficiency
	maximization;single-socket traversal algorithms;vertex degrees;work
	distribution approach;Arrays;Bandwidth;Instruction sets;Partitioning
	algorithms;Sockets;Graph traversal;bandwidth;efficient;multi-socket;single
	node},
  owner = {suxing},
  timestamp = {2014.07.11}
}

@comment{jabref-meta: selector_publisher:}

@comment{jabref-meta: selector_author:}

@comment{jabref-meta: selector_journal:}

@comment{jabref-meta: selector_keywords:}

